@article{aghion2006vertical,
  title     = {Vertical integration and competition},
  author    = {Aghion, Philippe and Griffith, Rachel and Howitt, Peter},
  journal   = {American Economic Review},
  volume    = {96},
  number    = {2},
  pages     = {97--102},
  year      = {2006},
  publisher = {American Economic Association}
}



@article{AlmasCappelenTungodden2020,
  author  = {Alm\r{a}s, Ingvild and Cappelen, Alexander W. and Tungodden, Bertil},
  title   = {Cutthroat Capitalism versus Cuddly Socialism: Are Americans More Meritocratic and Efficiency-Seeking than Scandinavians?},
  journal = {Journal of Political Economy},
  volume  = {128},
  number  = {5},
  pages   = {1753-1788},
  year    = {2020},
  doi     = {10.1086/705551}
}


@article{anderson2020aggregative,
  title     = {Aggregative games and oligopoly theory: short-run and long-run analysis},
  author    = {Anderson, Simon P and Erkal, Nisvan and Piccinin, Daniel},
  journal   = {The RAND Journal of Economics},
  volume    = {51},
  number    = {2},
  pages     = {470--495},
  year      = {2020},
  publisher = {Wiley Online Library}
}

@article{anderson2021hybrid,
  title     = {Hybrid platform model},
  author    = {Anderson, Simon P and Bedre-Defolie, {\"O}zlem},
  year      = {2021},
  publisher = {CEPR Discussion Paper No. DP16243}
}


@article{armstrong2006competition,
  title     = {Competition in two-sided markets},
  author    = {Armstrong, Mark},
  journal   = {The RAND journal of economics},
  volume    = {37},
  number    = {3},
  pages     = {668--691},
  year      = {2006},
  publisher = {Wiley Online Library}
}

@book{aumann2015values,
  title     = {Values of non-atomic games},
  author    = {Aumann, Robert J and Shapley, Lloyd S},
  year      = {2015},
  publisher = {Princeton University Press}
}

@article{billera1978internal,
  title     = {Internal telephone billing rates—a novel application of non-atomic game theory},
  author    = {Billera, Louis J and Heath, David C and Raanan, Joseph},
  journal   = {Operations Research},
  volume    = {26},
  number    = {6},
  pages     = {956--965},
  year      = {1978},
  publisher = {INFORMS}
}

@article{binmore1986nash,
  title     = {The Nash bargaining solution in economic modelling},
  author    = {Binmore, Ken and Rubinstein, Ariel and Wolinsky, Asher},
  journal   = {The RAND Journal of Economics},
  pages     = {176--188},
  year      = {1986},
  publisher = {JSTOR}
}

@article{Binmoreetal1985,
  issn      = {00028282},
  url       = {http://www.jstor.org/stable/1818658},
  author    = {K. Binmore and A. Shaked and J. Sutton},
  journal   = {The American Economic Review},
  number    = {5},
  pages     = {1178--1180},
  publisher = {American Economic Association},
  title     = {Testing Noncooperative Bargaining Theory: A Preliminary Study},
  urldate   = {2024-07-26},
  volume    = {75},
  year      = {1985}
}

@article{BochetKhannaSiegenthaler2023,
  author  = {Bochet, Olivier and Khanna, Manshu and Siegenthaler, Simon},
  title   = {{Beyond Dividing the Pie: Multi-Issue Bargaining in the Laboratory}},
  journal = {The Review of Economic Studies},
  volume  = {91},
  number  = {1},
  pages   = {163-191},
  year    = {2023},
  month   = {03}
}

@article{bolton2000erc,
  title     = {ERC: A theory of equity, reciprocity, and competition},
  author    = {Bolton, Gary E and Ockenfels, Axel},
  journal   = {American economic review},
  volume    = {91},
  number    = {1},
  pages     = {166--193},
  year      = {2000},
  publisher = {American Economic Association}
}

@article{Bolton2016,
  title   = {On the influence of hard leverage in a soft leverage bargaining game: The importance of credible claims},
  journal = {Games and Economic Behavior},
  volume  = {99},
  pages   = {164-179},
  year    = {2016},
  doi     = {https://doi.org/10.1016/j.geb.2016.08.005},
  author  = {Gary E. Bolton and Emin Karagözoğlu}
}

@article{brugemann2019intra,
  title     = {Intra firm bargaining and Shapley values},
  author    = {Br{\"u}gemann, Bj{\"o}rn and Gautier, Pieter and Menzio, Guido},
  journal   = {The Review of Economic Studies},
  volume    = {86},
  number    = {2},
  pages     = {564--592},
  year      = {2019},
  publisher = {Oxford University Press}
}

@article{calvano2021market,
  title     = {Market power, competition and innovation in digital markets: A survey},
  author    = {Calvano, Emilio and Polo, Michele},
  journal   = {Information Economics and Policy},
  volume    = {54},
  pages     = {100853},
  year      = {2021},
  publisher = {Elsevier}
}

@article{cappelen2007pluralism,
  title     = {The pluralism of fairness ideals: An experimental approach},
  author    = {Cappelen, Alexander W and Hole, Astri Drange and S{\o}rensen, Erik {\O} and Tungodden, Bertil},
  journal   = {American Economic Review},
  volume    = {97},
  number    = {3},
  pages     = {818--827},
  year      = {2007},
  publisher = {American Economic Association}
}

@article{carter1991economists,
  title     = {Are economists different, and if so, why?},
  author    = {Carter, John R and Irons, Michael D},
  journal   = {Journal of Economic Perspectives},
  volume    = {5},
  number    = {2},
  pages     = {171--177},
  year      = {1991},
  publisher = {American Economic Association}
}

@article{chen2008price,
  title     = {Price-increasing competition},
  author    = {Chen, Yongmin and Riordan, Michael H},
  journal   = {The RAND Journal of Economics},
  volume    = {39},
  number    = {4},
  pages     = {1042--1058},
  year      = {2008},
  publisher = {Wiley Online Library}
}

@article{CHEN201688,
  title   = {oTree—An open-source platform for laboratory, online, and field experiments},
  journal = {Journal of Behavioral and Experimental Finance},
  volume  = {9},
  pages   = {88-97},
  year    = {2016},
  issn    = {2214-6350},
  doi     = {https://doi.org/10.1016/j.jbef.2015.12.001},
  author  = {Daniel L. Chen and Martin Schonger and Chris Wickens}
}

@article{chessa2023experiment,
  title     = {An experiment on demand commitment bargaining},
  author    = {Chessa, Michela and Hanaki, Nobuyuki and Lardon, Aymeric and Yamada, Takashi},
  journal   = {Dynamic Games and Applications},
  volume    = {13},
  number    = {2},
  pages     = {589--609},
  year      = {2023},
  publisher = {Springer}
}

@article{choi2010tying,
  title     = {Tying in two-sided markets with multi-homing},
  author    = {Choi, Jay Pil},
  journal   = {The Journal of Industrial Economics},
  volume    = {58},
  number    = {3},
  pages     = {607--626},
  year      = {2010},
  publisher = {Wiley Online Library}
}


@article{ClippelRozen2022,
  title     = {Fairness through the lens of cooperative game theory: an experimental approach},
  author    = {De Clippel, Geoffroy and Rozen, Kareen},
  journal   = {American Economic Journal: Microeconomics},
  volume    = {14},
  number    = {3},
  pages     = {810--836},
  year      = {2022},
  publisher = {American Economic Association 2014 Broadway, Suite 305, Nashville, TN 37203-2425}
}

@article{crawford2018welfare,
  title     = {The welfare effects of vertical integration in multichannel television markets},
  author    = {Crawford, Gregory S and Lee, Robin S and Whinston, Michael D and Yurukoglu, Ali},
  journal   = {Econometrica},
  volume    = {86},
  number    = {3},
  pages     = {891--954},
  year      = {2018},
  publisher = {Wiley Online Library}
}


@article{Crosonetal2004,
  title     = {Mergers and Acquisitions: An Experimental Analysis of Synergies, Externalities and Dynamics},
  author    = {Croson, R. and Gomes, A. and McGinn, K.L. and Nöth, M.},
  journal   = {Review of Finance},
  volume    = {8},
  number    = {4},
  pages     = {481--514},
  year      = {2004},
  publisher = {Cambridge University Press}
}

@article{de2005vertical,
  title     = {Vertical integration in the presence of upstream competition},
  author    = {De Fontenay, Catherine C and Gans, Joshua S},
  journal   = {RAND Journal of Economics},
  pages     = {544--572},
  year      = {2005},
  publisher = {JSTOR}
}

@article{Diermeieretal2008,
  author  = {Daniel Diermeier and Roderick I. Swaab and Victoria Husted Medvec and Mary C. Kern},
  title   = {The Micro-Dynamics of Coalition Formation},
  journal = {Political Research Quarterly},
  volume  = {61},
  number  = {3},
  pages   = {484-501},
  year    = {2008},
  doi     = {10.1177/1065912908316981}
}

@inproceedings{dou2014sell,
  title        = {When to sell premium digital contents through the rival platform?},
  author       = {Dou, Yifan},
  booktitle    = {2014 11th International Conference on Service Systems and Service Management (ICSSSM)},
  pages        = {1--6},
  year         = {2014},
  organization = {IEEE}
}

@article{DrouvelisMonteroSefton2010,
  title   = {Gaining power through enlargement: Strategic foundations and experimental evidence},
  journal = {Games and Economic Behavior},
  volume  = {69},
  number  = {2},
  pages   = {274-292},
  year    = {2010},
  issn    = {0899-8256},
  doi     = {https://doi.org/10.1016/j.geb.2009.12.002},
  author  = {Michalis Drouvelis and Maria Montero and Martin Sefton}
}

@article{efraimidis2006weighted,
  title     = {Weighted random sampling with a reservoir},
  author    = {Efraimidis, Pavlos S and Spirakis, Paul G},
  journal   = {Information processing letters},
  volume    = {97},
  number    = {5},
  pages     = {181--185},
  year      = {2006},
  publisher = {Elsevier}
}

@article{EmbreyFrechetteLehrer2015,
  issn      = {00346527, 1467937X},
  author    = {Matthew Embrey and Guillaume R. Fréchette and Steven F. Lehrer},
  journal   = {The Review of Economic Studies},
  number    = {2 (291)},
  pages     = {608--631},
  publisher = {[Oxford University Press, The Review of Economic Studies, Ltd.]},
  title     = {Bargaining and Reputation: An Experiment on Bargaining in the Presence of Behavioural Types},
  volume    = {82},
  year      = {2015}
}

@article{engel2011dictator,
  title     = {Dictator games: A meta study},
  author    = {Engel, Christoph},
  journal   = {Experimental economics},
  volume    = {14},
  pages     = {583--610},
  year      = {2011},
  publisher = {Springer}
}

@misc{eu-2022,
  author = {{Council of European Union}},
  title  = {Regulation (EU) 2022/1925 of the European Parliament and of the Council of 14 September 2022 on contestable and fair markets in the digital sector and amending Directives (EU) 2019/1937 and (EU) 2020/1828 (Digital Markets Act) },
  year   = {2022},
  url    = {http://eur-lex.europa.eu/legal-content/EN/TXT/?qid=1416170084502&uri=CELEX:32014R0269}
}

@article{evans2011platform,
  title   = {Platform economics: Essays on multi-sided businesses},
  author  = {Evans, David S and Schmalensee, Richard and Noel, Michael D and Chang, Howard H and Garcia-Swartz, Daniel D},
  journal = {Platform Economics: Essays on Multi-Sided Businesses, David S. Evans, Ed., Competition Policy International},
  year    = {2011}
}

@article{fehr1999theory,
  title     = {A theory of fairness, competition, and cooperation},
  author    = {Fehr, Ernst and Schmidt, Klaus M},
  journal   = {The quarterly journal of economics},
  volume    = {114},
  number    = {3},
  pages     = {817--868},
  year      = {1999},
  publisher = {MIT press}
}

@article{FiorinaPlott1978,
  title     = {Committee decisions under majority rule: An experimental study},
  author    = {Fiorina, Morris P and Plott, Charles R},
  journal   = {American Political Science Review},
  volume    = {72},
  number    = {2},
  pages     = {575--598},
  year      = {1978},
  publisher = {Cambridge University Press}
}


@article{fletcher2021consumer,
  title  = {Consumer Protection for Online Markets and Large Digital Platforms},
  author = {Fletcher, Amelia and Crawford, Gregory S and Cr{\'e}mer, Jacques and Dinielli, David and Heidhues, Paul and Luca, Michael and Salz, Tobias and Schnitzer, Monika and Scott Morton, Fiona M and Seim, Katja and others},
  year   = {2021}
}

@article{fogelman1980asymptotic,
  title     = {Asymptotic value of mixed games},
  author    = {Fogelman, Francoise and Quinzii, Martine},
  journal   = {Mathematics of Operations Research},
  volume    = {5},
  number    = {1},
  pages     = {86--93},
  year      = {1980},
  publisher = {INFORMS}
}

@article{Galeottietal2018,
  author  = {Galeotti, Fabio and Montero, Maria and Poulsen, Anders},
  title   = {{Efficiency Versus Equality in Bargaining}},
  journal = {Journal of the European Economic Association},
  volume  = {17},
  number  = {6},
  pages   = {1941-1970},
  year    = {2018},
  month   = {08}
}

@article{gillies1959solutions,
  title   = {Solutions to general non-zero-sum games},
  author  = {Gillies, Donald B},
  journal = {Contributions to the Theory of Games},
  volume  = {4},
  number  = {40},
  pages   = {47--85},
  year    = {1959}
}

@article{GillProwse2012slider,
  author  = {Gill, David and Prowse, Victoria},
  title   = {A Structural Analysis of Disappointment Aversion in a Real Effort Competition},
  journal = {American Economic Review},
  volume  = {102},
  number  = {1},
  year    = {2012},
  month   = {2},
  pages   = {469-–503},
  doi     = {10.1257/aer.102.1.469},
  url     = {https://www.aeaweb.org/articles?id=10.1257/aer.102.1.469}
}

@article{GrimmMengel2011,
  title    = {Let me sleep on it: Delay reduces rejection rates in ultimatum games},
  journal  = {Economics Letters},
  volume   = {111},
  number   = {2},
  pages    = {113-115},
  year     = {2011},
  issn     = {0165-1765},
  doi      = {https://doi.org/10.1016/j.econlet.2011.01.025},
  url      = {https://www.sciencedirect.com/science/article/pii/S0165176511000358},
  author   = {Veronika Grimm and Friederike Mengel},
  keywords = {Ultimatum Bargaining, Experiments}
}

@article{gul1989bargaining,
  title     = {Bargaining foundations of Shapley value},
  author    = {Gul, Faruk},
  journal   = {Econometrica},
  pages     = {81--95},
  year      = {1989},
  publisher = {JSTOR}
}

@article{Güthetal1982,
  title   = {An experimental analysis of ultimatum bargaining},
  journal = {Journal of Economic Behavior \& Organization},
  volume  = {3},
  number  = {4},
  pages   = {367-388},
  year    = {1982},
  issn    = {0167-2681},
  doi     = {https://doi.org/10.1016/0167-2681(82)90011-7},
  url     = {https://www.sciencedirect.com/science/article/pii/0167268182900117},
  author  = {Werner Güth and Rolf Schmittberger and Bernd Schwarze}
}

@article{gutierrez2021welfare,
  title   = {The welfare consequences of regulating Amazon},
  author  = {Gutierrez, German},
  journal = {Job Market Paper, New York University},
  year    = {2021}
}

@article{hagiu2004optimal,
  title   = {Optimal pricing and commitment in two-sided markets},
  author  = {Hagiu, Andrei},
  journal = {Rand Journal of Economics},
  volume  = {20},
  pages   = {658--670},
  year    = {2004}
}

@article{hagiu2006pricing,
  title     = {Pricing and commitment by two-sided platforms},
  author    = {Hagiu, Andrei},
  journal   = {The RAND Journal of Economics},
  volume    = {37},
  number    = {3},
  pages     = {720--737},
  year      = {2006},
  publisher = {Wiley Online Library}
}

@article{hagiu2011exclusivity,
  title     = {Exclusivity and control},
  author    = {Hagiu, Andrei and Lee, Robin S},
  journal   = {Journal of Economics \& Management Strategy},
  volume    = {20},
  number    = {3},
  pages     = {679--708},
  year      = {2011},
  publisher = {Wiley Online Library}
}

@article{hagiu2022should,
  title     = {Should platforms be allowed to sell on their own marketplaces?},
  author    = {Hagiu, Andrei and Teh, Tat-How and Wright, Julian},
  journal   = {The RAND Journal of Economics},
  volume    = {53},
  number    = {2},
  pages     = {297--327},
  year      = {2022},
  publisher = {Wiley Online Library}
}

@article{hart1973values,
  title     = {Values of mixed games},
  author    = {Hart, Sergiu},
  journal   = {International Journal of Game Theory},
  volume    = {2},
  number    = {1},
  pages     = {69--85},
  year      = {1973},
  publisher = {Springer}
}

@article{hart1990property,
  title     = {Property Rights and the Nature of the Firm},
  author    = {Hart, Oliver and Moore, John},
  journal   = {Journal of political economy},
  volume    = {98},
  number    = {6},
  pages     = {1119--1158},
  year      = {1990},
  publisher = {The University of Chicago Press}
}

@article{hart1990vertical,
  title     = {Vertical integration and market foreclosure},
  author    = {Hart, Oliver and Tirole, Jean and Carlton, Dennis W and Williamson, Oliver E},
  journal   = {Brookings papers on economic activity. Microeconomics},
  volume    = {1990},
  pages     = {205--286},
  year      = {1990},
  publisher = {JSTOR}
}



@article{hart1996bargaining,
  title     = {Bargaining and value},
  author    = {Hart, Sergiu and Mas-Colell, Andreu},
  journal   = {Econometrica},
  pages     = {357--380},
  year      = {1996},
  publisher = {JSTOR}
}


@article{hernandez2023gender,
  title     = {Gender differences in alternating-offer bargaining: An experimental study},
  author    = {Hernandez-Arenaz, I{\~n}igo and Iriberri, Nagore},
  journal   = {Experimental Economics},
  volume    = {26},
  number    = {4},
  pages     = {879--914},
  year      = {2023},
  publisher = {Springer}
}

@article{ho2017insurer,
  title     = {Insurer competition in health care markets},
  author    = {Ho, Kate and Lee, Robin S},
  journal   = {Econometrica},
  volume    = {85},
  number    = {2},
  pages     = {379--417},
  year      = {2017},
  publisher = {Wiley Online Library}
}

@article{HossainLyonsSiow2020,
  author  = {Hossain, T. and Lyons, E. and Siow, A.},
  title   = {{Fairness considerations in joint venture formation}},
  journal = {Experimental Economics},
  volume  = {23},
  pages   = {632-667},
  year    = {2020},
  month   = {08}
}


@article{huang2022shapley,
  title   = {The Shapley Value and the Nucleolus of a Two-sided Platform Game},
  author  = {Huang, Jinglei and Xie, Danxia},
  journal = {Available at SSRN 4039043},
  year    = {2022}
}

@article{inderst2003bargaining,
  title     = {Bargaining, mergers, and technology choice in bilaterally oligopolistic industries},
  author    = {Inderst, Roman and Wey, Christian},
  journal   = {RAND Journal of Economics},
  pages     = {1--19},
  year      = {2003},
  publisher = {JSTOR}
}

@article{Isonietal2014,
  author  = {Isoni, Andrea and Poulsen, Anders and Sugden, Robert and Tsutsui, Kei},
  title   = {Efficiency, Equality, and Labeling: An Experimental Investigation of Focal Points in Explicit Bargaining},
  journal = {American Economic Review},
  volume  = {104},
  number  = {10},
  year    = {2014},
  month   = {10},
  pages   = {3256-87}
}

@article{kalai1987weighted,
  title     = {On weighted Shapley values},
  author    = {Kalai, Ehud and Samet, Dov},
  journal   = {International journal of game theory},
  volume    = {16},
  number    = {3},
  pages     = {205--222},
  year      = {1987},
  publisher = {Springer}
}

@book{Kalischetal1952,
  author    = {Kalisch, G. and John Willard Milnor and John F. Nash and E. D. Nering},
  title     = {Some Experimental n-Person Games},
  year      = {1952},
  doi       = {},
  publisher = {RAND Corporation}
}

@article{KammSiegenthaler2024,
  author  = {Kamm, A. and Siegenthaler, S.},
  title   = {Commitment timing in coalitional bargaining},
  journal = {Experimental Economics},
  volume  = {27},
  pages   = {130--154},
  year    = {2024},
  doi     = {10.1007/s10683-022-09778-3}
}

@article{kang2022contracting,
  title   = {Contracting and vertical control by a dominant platform},
  author  = {Kang, Zi Yang and Muir, Ellen V},
  journal = {Unpublished manuscript, Stanford University},
  year    = {2022}
}

@article{KaragözoğluRiedl2015,
  author    = {Emin Karagözoğlu and Arno Riedl},
  journal   = {Management Science},
  number    = {11},
  pages     = {2611--2626},
  publisher = {INFORMS},
  title     = {Performance Information, Production Uncertainty, and Subjective Entitlements in Bargaining},
  volume    = {61},
  year      = {2015}
}

@article{karagozouglu2019going,
  title     = {On “going unstructured” in bargaining experiments},
  author    = {Karag{\"o}zo{\u{g}}lu, Emin},
  journal   = {The future of economic design: The continuing development of a field as envisioned by its researchers},
  pages     = {295--304},
  year      = {2019},
  publisher = {Springer}
}

@article{KomoritaHamiltonKravitz1984,
  title     = {Effects of alternatives in coalition bargaining},
  author    = {Komorita, SS and Hamilton, Thomas P and Kravitz, David A},
  journal   = {Journal of Experimental Social Psychology},
  volume    = {20},
  number    = {2},
  pages     = {116--136},
  year      = {1984},
  publisher = {Elsevier}
}

@article{lee2013vertical,
  title   = {Vertical integration and exclusivity in platform and two-sided markets},
  author  = {Lee, Robin S},
  journal = {American Economic Review},
  volume  = {103},
  number  = {7},
  pages   = {2960--3000},
  year    = {2013}
}


@article{lee2014competing,
  title     = {Competing platforms},
  author    = {Lee, Robin S},
  journal   = {Journal of Economics \& Management Strategy},
  volume    = {23},
  number    = {3},
  pages     = {507--526},
  year      = {2014},
  publisher = {Wiley Online Library}
}

@article{Leng2023,
  title   = {A Rubinstein bargaining experiment in continuous time},
  journal = {Games and Economic Behavior},
  volume  = {140},
  pages   = {115-131},
  year    = {2023},
  author  = {Ailin Leng}
}

@article{LeopoldWildburger1992,
  title   = {Payoff divisions on coalition formation in a three-person characteristic function experiment},
  journal = {Journal of Economic Behavior \& Organization},
  volume  = {17},
  number  = {1},
  pages   = {183--193},
  year    = {1992},
  issn    = {0167-2681},
  doi     = {https://doi.org/10.1016/0167-2681(92)90086-Q},
  author  = {Ulrike Leopold-Wildburger}
}

@article{levy1997individual,
  title     = {Individual and collective wage bargaining},
  author    = {Levy, Anat and Shapley, Lloyd S},
  journal   = {International Economic Review},
  pages     = {969--991},
  year      = {1997},
  publisher = {JSTOR}
}

@misc{livni_merced_2023,
  title     = {Microsoft's Activision deal tests a new global alignment on antitrust},
  url       = {https://www.nytimes.com/2023/02/04/business/dealbook/microsofts-activision-deal.html},
  journal   = {The New York Times},
  publisher = {The New York Times},
  author    = {Livni, Ephrat and Merced, Michael J. De La},
  year      = {2023},
  month     = {2}
}

@article{LuhanPoulsenRoos2019,
  title   = {Money or morality: fairness ideals in unstructured bargaining},
  author  = {Luhan, W.J. and Poulsen, O. and Roos, M.W.M.},
  year    = {2019},
  pages   = {655--675},
  volume  = {53},
  journal = {Social Choice and Welfare},
  doi     = {https://doi.org/10.1007/s00355-019-01206-5}
}

@article{Maschler1965,
  title  = {Playing an n-Person Game, an Experiment},
  year   = {1965},
  author = {Michael Maschler}
}

@article{maschler1992consistent,
  title     = {The consistent Shapley value for games without side payments},
  author    = {Maschler, Michael and Owen, Guillermo},
  journal   = {rational interaction: Essays in Honor of John c. Harsanyi},
  pages     = {5--12},
  year      = {1992},
  publisher = {Springer}
}

@article{mclean2002values,
  title     = {Values of non-transferable utility games},
  author    = {McLean, Richard P},
  journal   = {Handbook of Game Theory with Economic Applications},
  volume    = {3},
  pages     = {2077--2120},
  year      = {2002},
  publisher = {Elsevier}
}

@article{Micheneretal1979,
  issn      = {00220027, 15528766},
  author    = {H. Michener and Melvin M. Sakurai and Kenneth Yuen and Thomas J. Kasen},
  journal   = {The Journal of Conflict Resolution},
  number    = {1},
  pages     = {102--119},
  publisher = {Sage Publications, Inc.},
  title     = {A Competitive Test of the M1
               (i) and M1
               (im) Bargaining Sets},
  volume    = {23},
  year      = {1979}
}

@article{MichenerPotter1981,
  title     = {Generalizability of tests in n-person sidepayment games},
  author    = {Michener, H. and Potter, Kathryn},
  journal   = {Journal of Conflict Resolution},
  pages     = {733--749},
  year      = {1981},
  publisher = {JSTOR}
}

@article{milnor1978values,
  title     = {Values of large games II: Oceanic games},
  author    = {Milnor, John Willard and Shapley, Lloyd S},
  journal   = {Mathematics of operations research},
  volume    = {3},
  number    = {4},
  pages     = {290--307},
  year      = {1978},
  publisher = {INFORMS}
}

@article{MitsutsuneTakanori2014,
  title     = {Estimating noncooperative and cooperative models of bargaining: an empirical comparison},
  author    = {Mitsutsune, Masanori and Adachi, Takanori},
  journal   = {Empirical Economics},
  volume    = {47},
  pages     = {669--693},
  year      = {2014},
  publisher = {Springer}
}

@article{Montero2006,
  title   = {Noncooperative foundations of the nucleolus in majority games},
  journal = {Games and Economic Behavior},
  volume  = {54},
  number  = {2},
  pages   = {380--397},
  year    = {2006},
  issn    = {0899-8256},
  doi     = {https://doi.org/10.1016/j.geb.2005.01.001},
  url     = {https://www.sciencedirect.com/science/article/pii/S0899825605000059},
  author  = {Maria Montero}
}

@article{MonteroSeftonZhang2008,
  author    = {Maria Montero and Martin Sefton and Ping Zhang},
  journal   = {Social Choice and Welfare},
  number    = {1},
  pages     = {69--87},
  publisher = {Springer},
  title     = {Enlargement and the balance of power: an experimental study},
  volume    = {30},
  year      = {2008}
}

@article{montez2007downstream,
  title     = {Downstream mergers and producer's capacity choice: why bake a larger pie when getting a smaller slice?},
  author    = {Montez, Jo{\~a}o V},
  journal   = {The RAND Journal of Economics},
  volume    = {38},
  number    = {4},
  pages     = {948--966},
  year      = {2007},
  publisher = {Wiley Online Library}
}

@article{MurnighanRoth1977,
  title     = {The effects of communication and information availability in an experimental study of a three-person game},
  author    = {Murnighan, J. and Roth, A.},
  journal   = {Management Science},
  volume    = {23},
  number    = {12},
  pages     = {1336--1348},
  year      = {1977},
  publisher = {INFORMS}
}

@article{MurnighanRoth1978,
  title   = {Large group bargaining in a characteristic function game},
  author  = {Murnighan, J. and Roth, A.},
  journal = {Journal of Conflict Resolution},
  volume  = {22},
  issue   = {2},
  pages   = {299–-317},
  year    = {1978}
}

@article{nash1953two,
  title     = {Two-person cooperative games},
  author    = {Nash, John},
  journal   = {Econometrica: Journal of the Econometric Society},
  pages     = {128--140},
  year      = {1953},
  publisher = {JSTOR}
}

@article{NavarroVeszteg2020,
  title   = {On the empirical validity of axioms in unstructured bargaining},
  journal = {Games and Economic Behavior},
  volume  = {121},
  pages   = {117-145},
  year    = {2020},
  author  = {Noemí Navarro and Róbert F. Veszteg}
}

@article{NydeggerOwen1974,
  title   = {Two-person bargaining: An experimental test of the Nash axioms},
  author  = {Nydegger, R.V. and Owen, G.},
  year    = {1874},
  pages   = {239--249},
  volume  = {3},
  journal = {International Journal of Game Theory},
  doi     = {https://doi.org/10.1007/BF01766877}
}

@article{oosterbeek2004cultural,
  title     = {Cultural differences in ultimatum game experiments: Evidence from a meta-analysis},
  author    = {Oosterbeek, Hessel and Sloof, Randolph and Van De Kuilen, Gijs},
  journal   = {Experimental economics},
  volume    = {7},
  pages     = {171--188},
  year      = {2004},
  publisher = {Springer}
}

@article{owen1968communications,
  title     = {Communications to the editor -- A note on the Shapley value},
  author    = {Owen, Guillermo},
  journal   = {Management Science},
  volume    = {14},
  number    = {11},
  pages     = {731--731},
  year      = {1968},
  publisher = {INFORMS}
}

@misc{phartiyal_2019,
  title     = {Explainer: What are India's new foreign direct investment rules for e-commerce?},
  url       = {https://www.reuters.com/article/us-india-ecommerce-explainer-idUSKCN1PP1Y2},
  journal   = {Reuters},
  publisher = {Thomson Reuters},
  author    = {Phartiyal, Sankalp},
  year      = {2019},
  month     = {1}
}

@article{rabin1993incorporating,
  title     = {Incorporating Fairness into Game Theory and Economics},
  author    = {Rabin, Matthew},
  journal   = {The American Economic Review},
  pages     = {1281--1302},
  year      = {1993},
  publisher = {JSTOR}
}

@article{RapoportKahan1976,
  title   = {When three is not always two against one: Coalitions in experimental three-person cooperative games},
  journal = {Journal of Experimental Social Psychology},
  volume  = {12},
  number  = {3},
  pages   = {253--273},
  year    = {1976},
  issn    = {0022-1031},
  doi     = {https://doi.org/10.1016/0022-1031(76)90056-1},
  author  = {Amnon Rapoport and James P Kahan}
}

@misc{reynolds_2022,
  title     = {WSJ News Exclusive | antitrust bill targeting Amazon, Google, Apple gets support from DOJ},
  url       = {https://www.wsj.com/articles/doj-backs-antitrust-bill-targeting-amazon-google-apple-11648519385?mod=tech_lead_pos1},
  journal   = {The Wall Street Journal},
  publisher = {Dow Jones &amp; Company},
  author    = {Stefani Reynolds},
  year      = {2022},
  month     = {3}
}

@article{rochet2003platform,
  title     = {Platform competition in two-sided markets},
  author    = {Rochet, Jean-Charles and Tirole, Jean},
  journal   = {Journal of the European Economic Association},
  volume    = {1},
  number    = {4},
  pages     = {990--1029},
  year      = {2003},
  publisher = {Oxford University Press}
}

@article{rochet2006two,
  title     = {Two-sided markets: a progress report},
  author    = {Rochet, Jean-Charles and Tirole, Jean},
  journal   = {The RAND journal of economics},
  volume    = {37},
  number    = {3},
  pages     = {645--667},
  year      = {2006},
  publisher = {Wiley Online Library}
}

@inbook{Roth1995,
  title     = {4. Bargaining Experiments},
  booktitle = {The Handbook of Experimental Economics},
  author    = {Alvin E. Roth},
  editor    = {John H. Kagel and Alvin E. Roth},
  publisher = {Princeton University Press},
  address   = {Princeton},
  pages     = {253--348},
  doi       = {doi:10.1515/9780691213255-006},
  isbn      = {9780691213255},
  year      = {1995}
}

@article{RothMalouf1979,
  title     = {Game-theoretic models and the role of information in bargaining.},
  author    = {Roth, Alvin E and Malouf, Michael W},
  journal   = {Psychological review},
  volume    = {86},
  number    = {6},
  pages     = {574},
  year      = {1979},
  publisher = {American Psychological Association}
}

@article{rubinstein1982perfect,
  title     = {Perfect equilibrium in a bargaining model},
  author    = {Rubinstein, Ariel},
  journal   = {Econometrica},
  pages     = {97--109},
  year      = {1982},
  publisher = {JSTOR}
}

@article{SagiDiermeier2017,
  author  = {Sagi, Eyal and Diermeier, Daniel},
  title   = {Language Use and Coalition Formation in Multiparty Negotiations},
  journal = {Cognitive Science},
  volume  = {41},
  number  = {1},
  pages   = {259-271},
  doi     = {https://doi.org/10.1111/cogs.12325},
  year    = {2017}
}

@article{schmeidler1969nucleolus,
  title     = {The nucleolus of a characteristic function game},
  author    = {Schmeidler, David},
  journal   = {SIAM Journal on applied mathematics},
  volume    = {17},
  number    = {6},
  pages     = {1163--1170},
  year      = {1969},
  publisher = {SIAM}
}

@article{Schwaninger2022,
  title   = {Sharing with the powerless third: Other-regarding preferences in dynamic bargaining},
  journal = {Journal of Economic Behavior \& Organization},
  volume  = {197},
  pages   = {341--355},
  year    = {2022},
  issn    = {0167-2681},
  doi     = {https://doi.org/10.1016/j.jebo.2022.03.002},
  author  = {Manuel Schwaninger}
}

@article{segal2003collusion,
  title     = {Collusion, exclusion, and inclusion in random-order bargaining},
  author    = {Segal, Ilya},
  journal   = {The Review of Economic Studies},
  volume    = {70},
  number    = {2},
  pages     = {439--460},
  year      = {2003},
  publisher = {Wiley-Blackwell}
}


@article{selten1998experimental,
  title     = {An experimental solidarity game},
  author    = {Selten, Reinhard and Ockenfels, Axel},
  journal   = {Journal of economic behavior \& organization},
  volume    = {34},
  number    = {4},
  pages     = {517--539},
  year      = {1998},
  publisher = {Elsevier}
}

@article{Serrano1993,
  author  = {Serrano, Roberto},
  title   = {Non-cooperative implementation of the nucleolus: The 3-player case},
  journal = {International Journal of Game Theory},
  volume  = {22},
  issue   = {4},
  year    = {1993},
  pages   = {345–-357}
}

@book{shapley1953additive,
  title     = {Additive and non-additive set functions},
  author    = {Shapley, Lloyd S},
  year      = {1953},
  publisher = {Princeton University}
}

@article{shapley1953value,
  title     = {A value for n-person games},
  author    = {Shapley, Lloyd S},
  journal   = {Contributions to the Theory of Games},
  pages     = {307--317},
  year      = {1953},
  publisher = {Princeton University Press}
}

@article{ShapleyLloydetal1953,
  title     = {A value for n-person games},
  author    = {Shapley, Lloyd S and others},
  year      = {1953},
  publisher = {Princeton University Press Princeton}
}

@article{ShinodaFunaki2022,
  title  = {The Core and the Equal Division Core in a Three-Person Unstructured Bargaining Experiment: The Weakest Coalition is Ignored},
  author = {Shinoda, T. and Funaki, Y.},
  url    = {https://ssrn.com/abstract=4291591},
  year   = {2022}
}

@article{small1981applied,
  title     = {Applied welfare economics with discrete choice models},
  author    = {Small, Kenneth A and Rosen, Harvey S},
  journal   = {Econometrica: Journal of the Econometric Society},
  pages     = {105--130},
  year      = {1981},
  publisher = {JSTOR}
}

@article{snijders1995axiomatization,
  title     = {Axiomatization of the nucleolus},
  author    = {Snijders, Chris},
  journal   = {Mathematics of Operations Research},
  volume    = {20},
  number    = {1},
  pages     = {189--196},
  year      = {1995},
  publisher = {INFORMS}
}

@article{solnick2001gender,
  title     = {Gender differences in the ultimatum game},
  author    = {Solnick, Sara J},
  journal   = {Economic Inquiry},
  volume    = {39},
  number    = {2},
  pages     = {189--200},
  year      = {2001},
  publisher = {Wiley Online Library}
}

@unpublished{stancsics2023hybrid,
  author = {Stancsics, Martin},
  title  = {Hybrid platforms and bargaining power},
  year   = {2024}
}

@unpublished{stancsics2023value,
  author = {Stancsics, Martin},
  title  = {The value of being indispensable: a cooperative approach to bargaining with a continuum of players},
  year   = {2024}
}

@article{steiner2004nature,
  title     = {The nature and benefits of national brand/private label competition},
  author    = {Steiner, Robert L},
  journal   = {Review of Industrial Organization},
  volume    = {24},
  number    = {2},
  pages     = {105--127},
  year      = {2004},
  publisher = {Springer}
}

@article{stole1996intra,
  title     = {Intra-firm bargaining under non-binding contracts},
  author    = {Stole, Lars A and Zwiebel, Jeffrey},
  journal   = {The Review of Economic Studies},
  volume    = {63},
  number    = {3},
  pages     = {375--410},
  year      = {1996},
  publisher = {Wiley-Blackwell}
}

@article{stole1996organizational,
  title     = {Organizational design and technology choice under intrafirm bargaining},
  author    = {Stole, Lars A and Zwiebel, Jeffrey},
  journal   = {The American Economic Review},
  pages     = {195--222},
  year      = {1996},
  publisher = {JSTOR}
}


@article{Takeuchietal2022,
  title   = {Bargaining over a jointly produced pie: The effect of the production function on bargaining outcomes},
  journal = {Games and Economic Behavior},
  volume  = {134},
  pages   = {169-198},
  year    = {2022},
  issn    = {0899-8256},
  doi     = {https://doi.org/10.1016/j.geb.2022.03.016},
  url     = {https://www.sciencedirect.com/science/article/pii/S0899825622000707},
  author  = {Ai Takeuchi and Róbert F. Veszteg and Yoshio Kamijo and Yukihiko Funaki}
}

@article{treasury2019unlocking,
  title     = {Unlocking digital competition, Report of the Digital Competition Expert Panel (2019)},
  author    = {Treasury, HM and others},
  year      = {2019},
  publisher = {HM Treasury}
}


@article{TremewanVanberg2016,
  title     = {The dynamics of coalition formation--A multilateral bargaining experiment with free timing of moves},
  author    = {Tremewan, James and Vanberg, Christoph},
  journal   = {Journal of Economic Behavior \& Organization},
  volume    = {130},
  pages     = {33--46},
  year      = {2016},
  publisher = {Elsevier}
}


@article{van2021allocating,
  title     = {Allocating positions fairly: Auctions and Shapley value},
  author    = {Van Essen, Matt and Wooders, John},
  journal   = {Journal of Economic Theory},
  volume    = {196},
  pages     = {105315},
  year      = {2021},
  publisher = {Elsevier}
}


@article{weber1988probabilistic,
  title   = {Probabilistic values for games},
  author  = {Weber, Robert J},
  journal = {The Shapley Value. Essays in Honor of Lloyd S. Shapley},
  pages   = {101--119},
  year    = {1988}
}

@article{weeds2016tv,
  title     = {TV wars: Exclusive content and platform competition in pay TV},
  author    = {Weeds, Helen},
  journal   = {The Economic Journal},
  volume    = {126},
  number    = {594},
  pages     = {1600--1633},
  year      = {2016},
  publisher = {Oxford University Press Oxford, UK}
}

@article{winter1994demand,
  title     = {The demand commitment bargaining and snowballing cooperation},
  author    = {Winter, Eyal},
  journal   = {Economic Theory},
  volume    = {4},
  number    = {2},
  pages     = {255--273},
  year      = {1994},
  publisher = {Springer}
}

@article{nash1950bargaining,
  title={The bargaining problem},
  author={Nash, John F and others},
  journal={Econometrica},
  volume={18},
  number={2},
  pages={155--162},
  year={1950}
}

@book{hicks1932theory,
  title={The Theory of Wages},
  author={Hicks, J.},
  lccn={33003852},
  url={https://books.google.ch/books?id=P-1AAAAAIAAJ},
  year={1932},
  publisher={Macmillan}
}



@book{zeuthen1930problems,
  title={Problems of Monopoly and Economic Warfare},
  author={Zeuthen, F.L.B. and Schumpeter, J.A.},
  url={https://books.google.ch/books?id=w8kN0AEACAAJ},
  year={1930},
  publisher={Kelley}
}

@article{harsanyi1956approaches,
  title={Approaches to the bargaining problem before and after the theory of games: a critical discussion of Zeuthen's, Hicks', and Nash's theories},
  author={Harsanyi, John C},
  journal={Econometrica, Journal of the Econometric Society},
  pages={144--157},
  year={1956},
  publisher={JSTOR}
}

@article{kalai1977proportional,
  title={Proportional solutions to bargaining situations: interpersonal utility comparisons},
  author={Kalai, Ehud},
  journal={Econometrica: Journal of the Econometric Society},
  pages={1623--1630},
  year={1977},
  publisher={JSTOR}
}

@article{kalai1975other,
  title={Other solutions to Nash's bargaining problem},
  author={Kalai, Ehud and Smorodinsky, Meir},
  journal={Econometrica: Journal of the Econometric Society},
  pages={513--518},
  year={1975},
  publisher={JSTOR}
}

@book{neumann1944theory,
  title={Theory of games and economic behavior},
  author={Von Neumann, John and Morgenstern, Oskar},
  booktitle={Theory of games and economic behavior},
  year={1944},
  publisher={Princeton University Press}
}

@article{nash1950non,
  title={Non-cooperative games},
  author={Nash, John F and others},
  year={1950},
  publisher={Princeton University Princeton}
}

@article{serrano1995market,
  title={A market to implement the core},
  author={Serrano, Roberto},
  journal={Journal of Economic Theory},
  volume={67},
  number={1},
  pages={285--294},
  year={1995},
  publisher={Elsevier}
}

@article{serrano2021sixty,
  title={Sixty-seven years of the Nash program: time for retirement?},
  author={Serrano, Roberto},
  journal={SERIEs},
  volume={12},
  number={1},
  pages={35--48},
  year={2021},
  publisher={Springer}
}
